%% This BibTeX bibliography file was created using BibDesk.
%% http://bibdesk.sourceforge.net/

%% Saved with string encoding Unicode (UTF-8) 

%guardar abreviaciones


%referencias bibliogr√°ficas
@book{Elliptic_Curves_Cripto,
	Title = {Guide to Elliptic Curve Cryptography},
	Author = {D.~Hankerson, S.~Vanstone, A.~Menezes},
	Year = {2004},
	Publisher = {Springer, New York, NY}

}
